<?xml version="1.0" encoding="UTF-8"?><collection xmlns="http://www.loc.gov/MARC21/slim"><record><leader>00586nam--2200205-i-4500</leader><controlfield tag="001">000002485</controlfield><controlfield tag="002">20161230</controlfield><controlfield tag="005">20170108224653</controlfield><controlfield tag="008">060222s1000------------r-----000-0-ger-d</controlfield><datafield ind1=" " ind2=" " tag="040"><subfield code="a">IFIN-HH</subfield></datafield><datafield ind1=" " ind2=" " tag="041"><subfield code="a">ger</subfield></datafield><datafield ind1=" " ind2=" " tag="080"><subfield code="a">621.38(A)</subfield></datafield><datafield ind1="1" ind2=" " tag="100"><subfield code="a">Abend, Klaus</subfield></datafield><datafield ind1="1" ind2="0" tag="245"><subfield code="a">Nukleare elektronik. Nuclear electronics</subfield><subfield code="b">Thiemig-taschenbucher band 47</subfield><subfield code="c">Klaus Abend, Erich Vogelsang</subfield></datafield><datafield ind1=" " ind2=" " tag="260"><subfield code="a">Munchen</subfield><subfield code="b">Verlag Karl Themig Kg</subfield><subfield code="c">1973</subfield></datafield><datafield ind1=" " ind2=" " tag="300"><subfield code="a">144 p</subfield></datafield><datafield ind1=" " ind2=" " tag="490"><subfield code="a">Thiemig-taschenbucher</subfield><subfield code="v">Band 47</subfield></datafield><datafield ind1="1" ind2=" " tag="700"><subfield code="a">Vogelsang, Erich</subfield></datafield><datafield ind1=" " ind2=" " tag="852"><subfield code="a">19423</subfield><subfield code="c">539</subfield></datafield><datafield ind1=" " ind2=" " tag="CAT"><subfield code="a">SYS</subfield><subfield code="c">20170108</subfield><subfield code="h">224653</subfield></datafield></record></collection>